<?xml version="1.0" encoding="UTF-8"?>
<collection xmlns:xsi="http://www.w3.org/2001/XMLSchema-instance" xsi:schemaLocation="http://www.loc.gov/MARC21/slim http://www.loc.gov/standards/marcxml/schema/MARC21slim.xsd" xmlns="http://www.loc.gov/MARC21/slim">
<record>
  <leader>00833cam a2200229   4500</leader>
  <controlfield tag="001">2958025</controlfield>
  <controlfield tag="003">NNC</controlfield>
  <controlfield tag="005">20130426002612.0</controlfield>
  <controlfield tag="008">900417s1962    sy            000 0 ara c</controlfield>
  <datafield tag="010" ind1=" " ind2=" ">
    <subfield code="a">ne 64000231 </subfield>
  </datafield>
  <datafield tag="025" ind1=" " ind2=" ">
    <subfield code="a">PL480:UAR-3116</subfield>
  </datafield>
  <datafield tag="035" ind1=" " ind2=" ">
    <subfield code="a">(OCoLC)ocm21384361</subfield>
  </datafield>
  <datafield tag="035" ind1=" " ind2=" ">
    <subfield code="9">ASK3124CU</subfield>
  </datafield>
  <datafield tag="035" ind1=" " ind2=" ">
    <subfield code="a">(NNC)2958025</subfield>
  </datafield>
  <datafield tag="040" ind1=" " ind2=" ">
    <subfield code="a">Princeton Univ. Libr.</subfield>
    <subfield code="c">WAU</subfield>
    <subfield code="d">WAU</subfield>
    <subfield code="d">ZCU</subfield>
  </datafield>
  <datafield tag="050" ind1="0" ind2=" ">
    <subfield code="a">BP130.1</subfield>
    <subfield code="b">.A5</subfield>
  </datafield>
  <datafield tag="100" ind1="1" ind2=" ">
    <subfield code="a">Anṣārī, Faḍl Allāh.</subfield>
  </datafield>
  <datafield tag="245" ind1="1" ind2="0">
    <subfield code="a">Qabas min al-Qurʾān,</subfield>
    <subfield code="b">ḥulūl ʻilmīyah wa-lughawīyah jadharīyah jadharīyah wa-taḥlīl adabī li-ahamm al-mawāḍīʻ al-ijtimāʻīyah al-dīnīyah.</subfield>
    <subfield code="c">Bi-qalam Faḍl Allāh al-Anṣārī.</subfield>
  </datafield>
  <datafield tag="260" ind1=" " ind2=" ">
    <subfield code="a">[Ḥimṣ,</subfield>
    <subfield code="b">tārīkh al-muqaddimah:</subfield>
    <subfield code="c">1962.]</subfield>
  </datafield>
  <datafield tag="300" ind1=" " ind2=" ">
    <subfield code="a">221 p.</subfield>
    <subfield code="c">24 cm.</subfield>
  </datafield>
  <datafield tag="630" ind1="0" ind2="0">
    <subfield code="a">Qurʼan</subfield>
    <subfield code="x">Criticism, interpretation, etc.</subfield>
  </datafield>
  <datafield tag="955" ind1=" " ind2=" ">
    <subfield code="b">CU55320414</subfield>
    <subfield code="d">off,glx</subfield>
    <subfield code="e">BP130.1 .A5</subfield>
  </datafield>
</record>
</collection>